@article{WorkshopLaTeX,
    author  = "Diogo Martins and Tiago Santos",
    title   = "Workshop LaTeX",
    year    = "2021",
    journal = "n/a",
    volume  = "n/a",
    number  = "n/a",
    pages   = "n/a"
}
